@article{zhao2020genome,
  title={Genome-Wide Association Analysis Reveals Key Genes Responsible for Egg Production of Lion Head Goose},
  author={Zhao, Qiqi and Chen, Junpeng and Zhang, Xinheng and Xu, Zhouyi and Lin, Zhenping and Li, Hongxin and Lin, Wencheng and Xie, Qingmei},
  journal={Frontiers in Genetics},
  volume={10},
  pages={1391},
  year={2020},
  publisher={Frontiers}
}

@article{block2012fmnl2,
  title={FMNL2 drives actin-based protrusion and migration downstream of Cdc42},
  author={Block, Jennifer and Breitsprecher, Dennis and K{\"u}hn, Sonja and Winterhoff, Moritz and Kage, Frieda and Geffers, Robert and Duwe, Patrick and Rohn, Jennifer L and Baum, Buzz and Brakebusch, Cord and others},
  journal={Current Biology},
  volume={22},
  number={11},
  pages={1005--1012},
  year={2012},
  publisher={Elsevier}
}

@article{sonderegger2010wnt,
  title={Wnt signalling in implantation, decidualisation and placental differentiation--review},
  author={Sonderegger, S and Pollheimer, Jurgen and Kn{\"o}fler, M},
  journal={Placenta},
  volume={31},
  number={10},
  pages={839--847},
  year={2010},
  publisher={Elsevier}
}

@article{menchero2019transitions,
  title={Transitions in cell potency during early mouse development are driven by Notch},
  author={Menchero, Sergio and Rollan, Isabel and Lopez-Izquierdo, Antonio and Andreu, Maria Jose and De Aja, Julio Sainz and Kang, Minjung and Adan, Javier and Benedito, Rui and Rayon, Teresa and Hadjantonakis, Anna-Katerina and others},
  journal={Elife},
  volume={8},
  pages={e42930},
  year={2019},
  publisher={eLife Sciences Publications Limited}
}

@article{laing2015gro,
  title={Gro/TLE enables embryonic stem cell differentiation by repressing pluripotent gene expression},
  author={Laing, Adam F and Lowell, Sally and Brickman, Joshua M},
  journal={Developmental biology},
  volume={397},
  number={1},
  pages={56--66},
  year={2015},
  publisher={Elsevier}
}

@article{meinhardt2014wnt,
  title={Wnt-dependent T-cell factor-4 controls human etravillous trophoblast motility},
  author={Meinhardt, Gudrun and Haider, Sandra and Haslinger, Peter and Proestling, Katharina and Fiala, Christian and Pollheimer, J{\"u}rgen and Kn{\"o}fler, Martin},
  journal={Endocrinology},
  volume={155},
  number={5},
  pages={1908--1920},
  year={2014},
  publisher={Oxford University Press}
}

@article{laisk2019genetic,
  title={The genetic architecture of sporadic and recurrent miscarriage},
  author={Laisk, Triin and Soares, Ana Luiza G and Ferreira, Teresa and Painter, Jodie N and Laber, Samantha and Bacelis, Jonas and Chen, Chia-Yen and Lepamets, Maarja and Lin, Kuang and Liu, Siyang and others},
  journal={bioRxiv},
  pages={575167},
  year={2019},
  publisher={Cold Spring Harbor Laboratory}
}

@article{mullegama2019mutations,
  title={Mutations in STAG2 cause an X-linked cohesinopathy associated with undergrowth, developmental delay, and dysmorphia: Expanding the phenotype in males},
  author={Mullegama, Sureni V and Klein, Steven D and Signer, Rebecca H and UCLA Clinical Genomics Center and Vilain, Eric and Martinez-Agosto, Julian A},
  journal={Molecular genetics \& genomic medicine},
  volume={7},
  number={2},
  pages={e00501},
  year={2019},
  publisher={Wiley Online Library}
}

@article{de2020essential,
  title={Essential Roles of Cohesin STAG2 in Mouse Embryonic Development and Adult Tissue Homeostasis},
  author={De Koninck, Magali and Lapi, Eleonora and Bad{\'\i}a-Careaga, Claudio and Coss{\'\i}o, Itziar and Gim{\'e}nez-Llorente, Daniel and Rodr{\'\i}guez-Corsino, Miriam and Andrada, Elena and Hidalgo, Andr{\'e}s and Manzanares, Miguel and Real, Francisco X and others},
  journal={Cell Reports},
  volume={32},
  number={6},
  pages={108014},
  year={2020},
  publisher={Elsevier}
}

@article{cuadrado2020specialized,
  title={Specialized functions of cohesins STAG1 and STAG2 in 3D genome architecture},
  author={Cuadrado, Ana and Losada, Ana},
  journal={Current Opinion in Genetics \& Development},
  volume={61},
  pages={9--16},
  year={2020},
  publisher={Elsevier}
}

@incollection{mcnicoll2013cohesin,
  title={Cohesin in gametogenesis},
  author={McNicoll, Francois and Stevense, Michelle and Jessberger, Rolf},
  booktitle={Current topics in developmental biology},
  volume={102},
  pages={1--34},
  year={2013},
  publisher={Elsevier}
}

@article{eshre2018eshre,
  title={ESHRE guideline: recurrent pregnancy loss},
  author={ESHRE Guideline Group on RPL and Bender Atik, Ruth and Christiansen, Ole Bjarne and Elson, Janine and Kolte, Astrid Marie and Lewis, Sheena and Middeldorp, Saskia and Nelen, Willianne and Peramo, Braulio and Quenby, Siobhan and others},
  journal={Human Reproduction Open},
  volume={2018},
  number={2},
  pages={hoy004},
  year={2018},
  publisher={Oxford University Press}
}


@article{doubilet2013diagnostic,
  title={Diagnostic criteria for nonviable pregnancy early in the first trimester},
  author={Doubilet, Peter M and Benson, Carol B and Bourne, Tom and Blaivas, Michael},
  journal={New England Journal of Medicine},
  volume={369},
  number={15},
  pages={1443--1451},
  year={2013},
  publisher={Mass Medical Soc}
}

@article{vermeesch2005molecular,
  title={Molecular karyotyping: array CGH quality criteria for constitutional genetic diagnosis},
  author={Vermeesch, Joris R and Melotte, Cindy and Froyen, Guy and Van Vooren, Steven and Dutta, Binita and Maas, Nicole and Vermeulen, Stefan and Menten, Bj{\"o}rn and Speleman, Frank and De Moor, Bart and others},
  journal={Journal of Histochemistry \& Cytochemistry},
  volume={53},
  number={3},
  pages={413--422},
  year={2005},
  publisher={SAGE Publications Sage CA: Los Angeles, CA}
}

@article{cohain2017spontaneous,
  title={Spontaneous first trimester miscarriage rates per woman among parous women with 1 or more pregnancies of 24 weeks or more},
  author={Cohain, Judy Slome and Buxbaum, Rina E and Mankuta, David},
  journal={BMC pregnancy and childbirth},
  volume={17},
  number={1},
  pages={437},
  year={2017},
  publisher={BioMed Central}
}



@article{filges2015exome,
  title={Exome sequencing for gene discovery in lethal fetal disorders--harnessing the value of extreme phenotypes},
  author={Filges, Isabel and Friedman, Jan M},
  journal={Prenatal diagnosis},
  volume={35},
  number={10},
  pages={1005--1009},
  year={2015},
  publisher={Wiley Online Library}
}


@article{kong2012rate,
  title={Rate of de novo mutations and the importance of father’s age to disease risk},
  author={Kong, Augustine and Frigge, Michael L and Masson, Gisli and Besenbacher, Soren and Sulem, Patrick and Magnusson, Gisli and Gudjonsson, Sigurjon A and Sigurdsson, Asgeir and Jonasdottir, Aslaug and Jonasdottir, Adalbjorg and others},
  journal={Nature},
  volume={488},
  number={7412},
  pages={471},
  year={2012},
  publisher={Nature Publishing Group}
}
@article{pereza2017systematic,
  title={Systematic review and meta-analysis of genetic association studies in idiopathic recurrent spontaneous abortion},
  author={Pereza, Nina and Ostoji{\'c}, Sa{\v{s}}a and Kapovi{\'c}, Miljenko and Peterlin, Borut},
  journal={Fertility and sterility},
  volume={107},
  number={1},
  pages={150--159},
  year={2017},
  publisher={Elsevier}
}


@article{nilsen2012copynumber,
  title={Copynumber: efficient algorithms for single-and multi-track copy number segmentation},
  author={Nilsen, Gro and Liest{\o}l, Knut and Van Loo, Peter and Vollan, Hans Kristian Moen and Eide, Marianne B and Rueda, Oscar M and Chin, Suet-Feung and Russell, Roslin and Baumbusch, Lars O and Caldas, Carlos and others},
  journal={BMC genomics},
  volume={13},
  number={1},
  pages={591},
  year={2012},
  publisher={BioMed Central}
}

@article{practice2012evaluation,
  title={Evaluation and treatment of recurrent pregnancy loss: a committee opinion},
  author={Practice Committee of the American Society for Reproductive Medicine and others},
  journal={Fertility and sterility},
  volume={98},
  number={5},
  pages={1103--1111},
  year={2012},
  publisher={Elsevier}
}


@ARTICLE{Figueredo:2009dg,
   author = {Figueredo, A.~J. and Wolf, P. S.~A.},
   title = {Assortative pairing and life history strategy -- a cross-cultural study},
   journal = {Human Nature},
   volume = {20},
   pages = {317-330},
   year = {2009},
   doi={https://doi.org/10.1007/s12110-009-9068-2}
}

@MISC{Hao:gidmaps:2014,
  author = {Hao, Z. and AghaKouchak, A. and Nakhjiri, N. and Farahmand, A},
  year = {2014},
  title = {Global integrated drought monitoring and prediction system ({GIDMaPS}) data sets},
  howpublished = {\emph{figshare} \url{http://dx.doi.org/10.6084/m9.figshare.853801}}
}

@ARTICLE{Venkatraman2018,
    title = {DNAcopy: DNA copy number data analysis},
    author = {Venkatraman E. Seshan and Adam Olshen},
    year = {2018},
    note = {R package version 1.56.0},
  }


@article{green2019review,
  title={A review of reproductive outcomes of women with two consecutive miscarriages and no living child},
  author={Green, Deirdre M and O’Donoghue, Keelin},
  journal={Journal of Obstetrics and Gynaecology},
  pages={1--6},
  year={2019},
  publisher={Taylor \& Francis}
}


% [1] banana 27994187 
@Article{pmid27994187,
   Author="Sudhir, N.  and Kaur, T.  and Beri, A.  and Kaur, A. ",
   Title="{{C}ytogenetic analysis in couples with recurrent miscarriages: a retrospective study from {P}unjab, north {I}ndia}",
   Journal="J. Genet.",
   Year="2016",
   Volume="95",
   Number="4",
   Pages="887--894",
   Month="Dec"
}

% [4] 11821293 
@Article{pmid11821293,
   Author="Stephenson, M. D.  and Awartani, K. A.  and Robinson, W. P. ",
   Title="{{C}ytogenetic analysis of miscarriages from couples with recurrent miscarriage: a case-control study}",
   Journal="Hum. Reprod.",
   Year="2002",
   Volume="17",
   Number="2",
   Pages="446--451",
   Month="Feb"
}

% 30642578 
@Article{pmid30642578,
   Author="Khalife, D.  and Ghazeeri, G.  and Kutteh, W. ",
   Title="{{R}eview of current guidelines for recurrent pregnancy loss: new strategies for optimal evaluation of women who may be superfertile}",
   Journal="Semin. Perinatol.",
   Year="2019",
   Volume="43",
   Number="2",
   Pages="105--115",
   Month="Mar"
}

% 30602480 
@Article{pmid30602480,
   Author="Jayasena, C. N.  and Radia, U. K.  and Figueiredo, M.  and Revill, L. F.  and Dimakopoulou, A.  and Osagie, M.  and Vessey, W.  and Regan, L.  and Rai, R.  and Dhillo, W. S. ",
   Title="{{R}educed {T}esticular {S}teroidogenesis and {I}ncreased {S}emen {O}xidative {S}tress in {M}ale {P}artners as {N}ovel {M}arkers of {R}ecurrent {M}iscarriage}",
   Journal="Clin. Chem.",
   Year="2019",
   Volume="65",
   Number="1",
   Pages="161--169",
   Month="Jan"
}

% 30448091 
@Article{pmid30448091,
   Author="Kamkar, N.  and Ramezanali, F.  and Sabbaghian, M. ",
   Title="{{T}he relationship between sperm {D}{N}{A} fragmentation, free radicals and antioxidant capacity with idiopathic repeated pregnancy loss}",
   Journal="Reprod Biol",
   Year="2018",
   Volume="18",
   Number="4",
   Pages="330--335",
   Month="Dec"
}

% 30393965 
@Article{pmid30393965,
   Author="Homer, H. A. ",
   Title="{{M}odern management of recurrent miscarriage}",
   Journal="Aust N Z J Obstet Gynaecol",
   Year="2019",
   Volume="59",
   Number="1",
   Pages="36--44",
   Month="Feb"
}

% 29858908 
@Article{pmid29858908,
   Author="Young, B. K. ",
   Title="{{A} multidisciplinary approach to pregnancy loss: the pregnancy loss prevention center}",
   Journal="J Perinat Med",
   Year="2018",
   Volume="47",
   Number="1",
   Pages="41--44",
   Month="Dec"
}

% 29720743 
@Article{pmid29720743,
   Author="Toth, B.  and Wurfel, W.  and Bohlmann, M.  and Zschocke, J.  and Rudnik-Schoneborn, S.  and Nawroth, F.  and Schleussner, E.  and Rogenhofer, N.  and Wischmann, T.  and von Wolff, M.  and Hancke, K.  and von Otte, S.  and Kuon, R.  and Feil, K.  and Tempfer, C. ",
   Title="{{R}ecurrent {M}iscarriage: {D}iagnostic and {T}herapeutic {P}rocedures. {G}uideline of the {D}{G}{G}{G}, {O}{E}{G}{G}{G} and {S}{G}{G}{G} ({S}2k-{L}evel, {A}{W}{M}{F} {R}egistry {N}umber 015/050)}",
   Journal="Geburtshilfe Frauenheilkd",
   Year="2018",
   Volume="78",
   Number="4",
   Pages="364--381",
   Month="Apr"
}

% 28352815 
@Article{pmid28352815,
   Author="Piras, M.  and Delbon, P.  and Bin, P.  and Casella, C.  and Capasso, E.  and Niola, M.  and Conti, A. ",
   Title="{{V}oluntary termination of pregnancy (medical or surgical abortion): forensic medicine issues}",
   Journal="Open Med (Wars)",
   Year="2016",
   Volume="11",
   Number="1",
   Pages="321--326"
}

% 25944391 
@Article{pmid25944391,
   Author="Yakut, S.  and Toru, H. S.  and Cetin, Z.  and Ozel, D.  and ?im?ek, M.  and Mendilcio?lu, ?.  and Luleci, G. ",
   Title="{{C}hromosome abnormalities identified in 457 spontaneous abortions and their histopathological findings}",
   Journal="Turk Patoloji Derg",
   Year="2015",
   Volume="31",
   Number="2",
   Pages="111--118"
}

% 25681385 
@Article{pmid25681385,
   Author="Garrido-Gimenez, C.  and Alijotas-Reig, J. ",
   Title="{{R}ecurrent miscarriage: causes, evaluation and management}",
   Journal="Postgrad Med J",
   Year="2015",
   Volume="91",
   Number="1073",
   Pages="151--162",
   Month="Mar"
}

% 25055407 
@Article{pmid25055407,
   Author="Oliver, A.  and Overton, C. ",
   Title="{{D}iagnosis and management of miscarriage}",
   Journal="Practitioner",
   Year="2014",
   Volume="258",
   Number="1771",
   Pages="25--28",
   Month="May"
}

% 22835448 
@Article{pmid22835448,
   Author="Pfeifer, S.  and Fritz, M.  and Goldberg, J.  and McClure, R.  and Thomas, M.  and Widra, E.  and Schattman, G.  and Licht, M.  and Collins, J.  and Cedars, M.  and Racowsk, C.  and Davis, O.  and Barnhart, K.  and Gracia, C.  and Catherino, W.  and Rebar, R.  and La Barbera, A. ",
   Title="{{E}valuation and treatment of recurrent pregnancy loss: a committee opinion}",
   Journal="Fertil. Steril.",
   Year="2012",
   Volume="98",
   Number="5",
   Pages="1103--1111",
   Month="Nov"
}

% 22796359 
@Article{pmid22796359,
   Author="van den Berg, M. M.  and van Maarle, M. C.  and van Wely, M.  and Goddijn, M. ",
   Title="{{G}enetics of early miscarriage}",
   Journal="Biochim. Biophys. Acta",
   Year="2012",
   Volume="1822",
   Number="12",
   Pages="1951--1959",
   Month="Dec"
}

% 22672580 
@Article{pmid22672580,
   Author="Kochhar, P. K.  and Ghosh, P. ",
   Title="{{R}eproductive outcome of couples with recurrent miscarriage and balanced chromosomal abnormalities}",
   Journal="J. Obstet. Gynaecol. Res.",
   Year="2013",
   Volume="39",
   Number="1",
   Pages="113--120",
   Month="Jan"
}

% 22183209 
@Article{pmid22183209,
   Author="Lund, M.  and Kamper-J?rgensen, M.  and Nielsen, H. S.  and Lidegaard, ?.  and Andersen, A. M.  and Christiansen, O. B. ",
   Title="{{P}rognosis for live birth in women with recurrent miscarriage: what is the best measure of success?}",
   Journal="Obstet Gynecol",
   Year="2012",
   Volume="119",
   Number="1",
   Pages="37--43",
   Month="Jan"
}

% 20041396 
@Article{pmid20041396,
   Author="Micale, M.  and Insko, J.  and Ebrahim, S. A.  and Adeyinka, A.  and Runke, C.  and Van Dyke, D. L. ",
   Title="{{D}ouble trisomy revisited--a multicenter experience}",
   Journal="Prenat. Diagn.",
   Year="2010",
   Volume="30",
   Number="2",
   Pages="173--176",
   Month="Feb"
}

% 10864550 
@Article{pmid10864550,
   Author="Nybo Andersen, A. M.  and Wohlfahrt, J.  and Christens, P.  and Olsen, J.  and Melbye, M. ",
   Title="{{M}aternal age and fetal loss: population based register linkage study}",
   Journal="BMJ",
   Year="2000",
   Volume="320",
   Number="7251",
   Pages="1708--1712",
   Month="Jun"
}

% 8568023 
@Article{pmid8568023,
   Author="al-Ansary, L. A.  and Oni, G.  and Babay, Z. A. ",
   Title="{{R}isk factors for spontaneous abortion among {S}audi women}",
   Journal="J Community Health",
   Year="1995",
   Volume="20",
   Number="6",
   Pages="491--500",
   Month="Dec"
}

% 6720673 
@Article{pmid6720673,
   Author="Sandler, D. P.  and Wilcox, A. J.  and Horney, L. F. ",
   Title="{{A}ge at menarche and subsequent reproductive events}",
   Journal="Am. J. Epidemiol.",
   Year="1984",
   Volume="119",
   Number="5",
   Pages="765--774",
   Month="May"
}

@article{stephenson2002cytogenetic,
  title={Cytogenetic analysis of miscarriages from couples with recurrent miscarriage: a case--control study},
  author={Stephenson, MD and Awartani, KA and Robinson, WP},
  journal={Human reproduction},
  volume={17},
  number={2},
  pages={446--451},
  year={2002},
  publisher={Oxford University Press}
}

@article{gaboon2013recurrent,
  title={Recurrent spontaneous abortion: an overview of genetic backgrounds and impact of male factors: a review},
  author={Gaboon, Nagwa EA},
  journal={International Journal of Human Genetics},
  volume={13},
  number={2},
  pages={79--83},
  year={2013},
  publisher={Taylor \& Francis}
}

@article{dawes2019gene,
  title={Gene discovery informatics toolkit defines candidate genes for unexplained infertility and prenatal or infantile mortality},
  author={Dawes, Ruebena and Lek, Monkol and Cooper, Sandra T},
  journal={NPJ genomic medicine},
  volume={4},
  number={1},
  pages={1--11},
  year={2019},
  publisher={Nature Publishing Group}
}

















































